@misc{iucn2020,
  author       = {IUCN},
  title        = {The IUCN Red List of Threatened Species},
  url          = {https://www.iucnredlist.org/},
  year         = {2020}
}
