@article{blei2003latent,
  title={Latent dirichlet allocation},
  author={Blei, David M and Ng, Andrew Y and Jordan, Michael I},
  journal={Journal of machine Learning research},
  volume={3},
  number={Jan},
  pages={993--1022},
  year={2003}
}

@article{gregg2020many,
  title={Many IUCN red list species have names that evoke negative emotions},
  author={Gregg, Emily A and Bekessy, Sarah A and Martin, Jennifer K and Garrard, Georgia E},
  journal={Human Dimensions of Wildlife},
  pages={1--10},
  year={2020},
  publisher={Taylor \& Francis}
}

@misc{iucn2020,
  author       = {IUCN},
  title        = {The IUCN Red List of Threatened Species},
  url          = {https://www.iucnredlist.org/},
  year         = {2020}
}

@article{andermann2020,
author = {Andermann, Tobias and Faurby, SÃ¸ren and Cooke, Robert and Silvestro, Daniele and Antonelli, Alexandre},
title = {iucn\_sim: a new program to simulate future extinctions based on IUCN threat status},
journal = {Ecography},
year = {2020}
}